<record><leader>00000cas a22000007a 4500</leader><controlfield tag="001">17949498</controlfield><controlfield tag="008">880513d19uu19uumsuuu ne      0    0eng d</controlfield><datafield ind1=" " ind2=" " tag="010"><subfield code="a">sn 88067191 </subfield></datafield><datafield ind1=" " ind2=" " tag="040"><subfield code="a">MSJ</subfield><subfield code="b">eng</subfield><subfield code="c">MSJ</subfield><subfield code="d">OCLCQ</subfield></datafield><datafield ind1=" " ind2=" " tag="042"><subfield code="a">msc</subfield></datafield><datafield ind1="0" ind2="4" tag="245"><subfield code="a">The Amory times.</subfield></datafield><datafield ind1=" " ind2=" " tag="260"><subfield code="a">Amory, Monroe Co., Miss. :</subfield><subfield code="b">W. Alfred Bean</subfield></datafield><datafield ind1=" " ind2=" " tag="588"><subfield code="a">Description based on: Vol. 2, no. 50 (Oct. 12, 1906).</subfield></datafield><datafield ind1=" " ind2=" " tag="752"><subfield code="a">United States</subfield><subfield code="b">Mississippi</subfield><subfield code="c">Monroe</subfield><subfield code="d">Amory.</subfield></datafield></record>